<?xml version="1.0" encoding="UTF-8"?>
<Document xmlns="urn:iso:std:iso:20022:tech:xsd:pain.001.001.13">
  <CstmrCdtTrfInitn>
    <GrpHdr>
      <MsgId>ACME-20260601-001</MsgId>
      <CreDtTm>2026-06-01T09:00:00</CreDtTm>
      <NbOfTxs>2</NbOfTxs>
      <CtrlSum>23500.00</CtrlSum>
      <InitgPty>
        <Nm>Acme Corporation</Nm>
        <Id>
          <OrgId>
            <Othr>
              <Id>ACMECORP001</Id>
            </Othr>
          </OrgId>
        </Id>
      </InitgPty>
    </GrpHdr>

    <PmtInf>
      <PmtInfId>ACME-PMTINF-20260601-001</PmtInfId>
      <PmtMtd>TRF</PmtMtd>
      <NbOfTxs>2</NbOfTxs>
      <CtrlSum>23500.00</CtrlSum>
      <PmtTpInf>
        <InstrPrty>NORM</InstrPrty>
        <SvcLvl>
          <Cd>SEPA</Cd>
        </SvcLvl>
      </PmtTpInf>
      <ReqdExctnDt>
        <Dt>2026-06-03</Dt>
      </ReqdExctnDt>
      <Dbtr>
        <Nm>Acme Corporation</Nm>
        <PstlAdr>
          <Ctry>DE</Ctry>
          <AdrLine>Hauptstrasse 42</AdrLine>
          <AdrLine>10115 Berlin</AdrLine>
        </PstlAdr>
      </Dbtr>
      <DbtrAcct>
        <Id>
          <IBAN>DE89370400440532013000</IBAN>
        </Id>
        <Ccy>EUR</Ccy>
      </DbtrAcct>
      <DbtrAgt>
        <FinInstnId>
          <BICFI>DEUTDEDB</BICFI>
          <Nm>Deutsche Bank AG</Nm>
        </FinInstnId>
      </DbtrAgt>
      <ChrgBr>SLEV</ChrgBr>

      <!-- Transaction 1: supplier invoice payment -->
      <CdtTrfTxInf>
        <PmtId>
          <InstrId>ACME-TX-001</InstrId>
          <EndToEndId>E2E-INV-2026-042</EndToEndId>
          <UETR>a26e6de4-0db2-4b32-8d3a-ff2e13b51c77</UETR>
        </PmtId>
        <Amt>
          <InstdAmt Ccy="EUR">15000.00</InstdAmt>
        </Amt>
        <ChrgBr>SLEV</ChrgBr>
        <CdtrAgt>
          <FinInstnId>
            <BICFI>COBADEFFXXX</BICFI>
          </FinInstnId>
        </CdtrAgt>
        <Cdtr>
          <Nm>TechSupplier GmbH</Nm>
          <PstlAdr>
            <Ctry>DE</Ctry>
            <AdrLine>Industrieweg 7</AdrLine>
            <AdrLine>80331 Munich</AdrLine>
          </PstlAdr>
        </Cdtr>
        <CdtrAcct>
          <Id>
            <IBAN>DE87200400600301401300</IBAN>
          </Id>
        </CdtrAcct>
        <Purp>
          <Cd>SUPP</Cd>
        </Purp>
        <RmtInf>
          <Ustrd>Invoice INV-2026-042 dated 2026-05-15</Ustrd>
        </RmtInf>
      </CdtTrfTxInf>

      <!-- Transaction 2: employee expense reimbursement -->
      <CdtTrfTxInf>
        <PmtId>
          <InstrId>ACME-TX-002</InstrId>
          <EndToEndId>E2E-EXP-2026-0601-JD</EndToEndId>
          <UETR>b34f7ef5-1ec3-4c43-9e4b-003f24c62d88</UETR>
        </PmtId>
        <Amt>
          <InstdAmt Ccy="EUR">8500.00</InstdAmt>
        </Amt>
        <ChrgBr>SLEV</ChrgBr>
        <CdtrAgt>
          <FinInstnId>
            <BICFI>SSKMDEMMXXX</BICFI>
          </FinInstnId>
        </CdtrAgt>
        <Cdtr>
          <Nm>Jane Doe</Nm>
          <Id>
            <PrvtId>
              <Othr>
                <Id>DE-TAX-123456789</Id>
              </Othr>
            </PrvtId>
          </Id>
        </Cdtr>
        <CdtrAcct>
          <Id>
            <IBAN>DE91100000000123456789</IBAN>
          </Id>
        </CdtrAcct>
        <Purp>
          <Cd>BEXP</Cd>
        </Purp>
        <RmtInf>
          <Ustrd>Expense reimbursement June 2026</Ustrd>
        </RmtInf>
      </CdtTrfTxInf>
    </PmtInf>

  </CstmrCdtTrfInitn>
</Document>
