<?xml version="1.0" encoding="UTF-8"?>
<!-- Scenario: cheque (bank draft) payment. PmtMtd=CHK.
     ChqTp=DRFT: banker's draft drawn on the debtor's bank.
     DlvryMtd=CRCD: physical delivery by courier to the creditor's address.
     No CdtrAgt or CdtrAcct — cheque is delivered physically, not routed via bank. -->
<Document xmlns="urn:iso:std:iso:20022:tech:xsd:pain.001.001.13">
  <CstmrCdtTrfInitn>
    <GrpHdr>
      <MsgId>TEST-CHQ-20260601-004</MsgId>
      <CreDtTm>2026-06-01T09:45:00</CreDtTm>
      <NbOfTxs>1</NbOfTxs>
      <CtrlSum>12750.00</CtrlSum>
      <InitgPty>
        <Nm>Acme Corp</Nm>
        <Id>
          <OrgId>
            <Othr>
              <Id>ACMECORP001</Id>
            </Othr>
          </OrgId>
        </Id>
      </InitgPty>
    </GrpHdr>
    <PmtInf>
      <PmtInfId>PMTINF-CHQ-001</PmtInfId>
      <PmtMtd>CHK</PmtMtd>
      <PmtTpInf>
        <InstrPrty>NORM</InstrPrty>
      </PmtTpInf>
      <ReqdExctnDt>
        <Dt>2026-06-05</Dt>
      </ReqdExctnDt>
      <Dbtr>
        <Nm>Acme Corp</Nm>
        <PstlAdr>
          <StrtNm>Hauptstrasse</StrtNm>
          <BldgNb>42</BldgNb>
          <PstCd>10115</PstCd>
          <TwnNm>Berlin</TwnNm>
          <Ctry>DE</Ctry>
        </PstlAdr>
      </Dbtr>
      <DbtrAcct>
        <Id>
          <IBAN>DE89370400440532013000</IBAN>
        </Id>
      </DbtrAcct>
      <DbtrAgt>
        <FinInstnId>
          <BICFI>DEUTDEDB</BICFI>
        </FinInstnId>
      </DbtrAgt>

      <CdtTrfTxInf>
        <PmtId>
          <InstrId>CHQ-TX-001</InstrId>
          <EndToEndId>E2E-CHQ-LEASE-2026-06</EndToEndId>
          <UETR>550e8400-e29b-41d4-a716-446655440000</UETR>
        </PmtId>
        <Amt>
          <InstdAmt Ccy="EUR">12750.00</InstdAmt>
        </Amt>
        <ChrgBr>DEBT</ChrgBr>
        <ChqInstr>
          <ChqTp>DRFT</ChqTp>
          <ChqNb>CHQ-2026-000042</ChqNb>
          <DlvryMtd>
            <Cd>CRCD</Cd>
          </DlvryMtd>
          <DlvrTo>
            <Nm>Immobilien Verwaltung GmbH</Nm>
            <Adr>
              <StrtNm>Friedrichstrasse</StrtNm>
              <BldgNb>100</BldgNb>
              <PstCd>10117</PstCd>
              <TwnNm>Berlin</TwnNm>
              <Ctry>DE</Ctry>
            </Adr>
          </DlvrTo>
          <MemoFld>Lease June 2026 — Unit 4B</MemoFld>
        </ChqInstr>
        <Cdtr>
          <Nm>Immobilien Verwaltung GmbH</Nm>
        </Cdtr>
        <Purp>
          <Cd>RENT</Cd>
        </Purp>
        <RmtInf>
          <Ustrd>Office lease payment June 2026 Unit 4B</Ustrd>
        </RmtInf>
      </CdtTrfTxInf>
    </PmtInf>
  </CstmrCdtTrfInitn>
</Document>
