<?xml version="1.0" encoding="UTF-8"?>
<Document xmlns="urn:iso:std:iso:20022:tech:xsd:pain.001.001.13">
  <CstmrCdtTrfInitn>
    <GrpHdr>
      <MsgId>MSG035</MsgId>
      <CreDtTm>2026-11-20T10:00:00</CreDtTm>
      <NbOfTxs>1</NbOfTxs>
      <CtrlSum>99000.00</CtrlSum>
      <InitgPty>
        <Nm>Pinnacle Asset Management</Nm>
        <Id>
          <OrgId>
            <AnyBIC>PAMCGB2L</AnyBIC>
            <LEI>549300PINNACLE000GB001</LEI>
            <Othr><Id>GB-FCA-123456</Id><SchmeNm><Cd>CUST</Cd></SchmeNm><Issr>FCA</Issr></Othr>
          </OrgId>
        </Id>
        <CtryOfRes>GB</CtryOfRes>
      </InitgPty>
    </GrpHdr>
    <PmtInf>
      <PmtInfId>PMTINF035</PmtInfId>
      <PmtMtd>TRF</PmtMtd>
      <BtchBookg>true</BtchBookg>
      <NbOfTxs>1</NbOfTxs>
      <CtrlSum>99000.00</CtrlSum>
      <PmtTpInf>
        <InstrPrty>HIGH</InstrPrty>
        <SvcLvl><Cd>URGP</Cd></SvcLvl>
        <LclInstrm><Prtry>CHAPS</Prtry></LclInstrm>
        <CtgyPurp><Cd>TREA</Cd></CtgyPurp>
      </PmtTpInf>
      <ReqdExctnDt><Dt>2026-11-20</Dt></ReqdExctnDt>
      <PoolgAdjstmntDt>2026-11-20</PoolgAdjstmntDt>
      <Dbtr>
        <Nm>Pinnacle Asset Management</Nm>
        <PstlAdr><StrtNm>Canary Wharf</StrtNm><BldgNb>1</BldgNb><TwnNm>London</TwnNm><PstCd>E14 5AB</PstCd><Ctry>GB</Ctry></PstlAdr>
        <Id><OrgId><AnyBIC>PAMCGB2L</AnyBIC></OrgId></Id>
        <CtryOfRes>GB</CtryOfRes>
      </Dbtr>
      <DbtrAcct>
        <Id><IBAN>GB29NWBK60161331926819</IBAN></Id>
        <Tp><Cd>CACC</Cd></Tp>
        <Ccy>GBP</Ccy>
        <Nm>PAM Treasury Account</Nm>
      </DbtrAcct>
      <DbtrAgt>
        <FinInstnId>
          <BICFI>NWBKGB2L</BICFI>
          <LEI>549300NWBK000000GB001</LEI>
          <Nm>NatWest Bank</Nm>
        </FinInstnId>
        <BrnchId><Id>LONDON-001</Id><Nm>London City Branch</Nm></BrnchId>
      </DbtrAgt>
      <DbtrAgtAcct><Id><IBAN>GB55HBUK40127612345678</IBAN></Id></DbtrAgtAcct>
      <CdtTrfTxInf>
        <PmtId><InstrId>PAM-CHAPS-001</InstrId><EndToEndId>E2E035</EndToEndId><UETR>b2c3d4e5-f6a7-4b89-abcd-ef0123456789</UETR></PmtId>
        <PmtTpInf><InstrPrty>HIGH</InstrPrty></PmtTpInf>
        <Amt><InstdAmt Ccy="GBP">99000.00</InstdAmt></Amt>
        <ChrgBr>SHAR</ChrgBr>
        <UltmtDbtr><Nm>PAM Client Alpha Fund</Nm><Id><OrgId><Othr><Id>FUND-ALPHA-001</Id><SchmeNm><Prtry>FUND</Prtry></SchmeNm></Othr></OrgId></Id></UltmtDbtr>
        <CdtrAgt>
          <FinInstnId>
            <BICFI>HBOSgb2C</BICFI>
            <Nm>Halifax Bank of Scotland</Nm>
          </FinInstnId>
        </CdtrAgt>
        <Cdtr>
          <Nm>Prime Brokerage Services Ltd</Nm>
          <PstlAdr><StrtNm>Bishopsgate</StrtNm><BldgNb>200</BldgNb><TwnNm>London</TwnNm><PstCd>EC2M 4NR</PstCd><Ctry>GB</Ctry></PstlAdr>
          <Id><OrgId><AnyBIC>PBSLGB2X</AnyBIC></OrgId></Id>
          <CtryOfRes>GB</CtryOfRes>
        </Cdtr>
        <CdtrAcct>
          <Id><IBAN>GB33BUKB20201555555555</IBAN></Id>
          <Tp><Cd>CACC</Cd></Tp>
          <Ccy>GBP</Ccy>
          <Nm>PBS Settlement Account</Nm>
        </CdtrAcct>
        <UltmtCdtr><Nm>Prime Capital Clearing House</Nm></UltmtCdtr>
        <InstrForCdtrAgt><Cd>PHOB</Cd><InstrInf>Notify beneficiary on receipt</InstrInf></InstrForCdtrAgt>
        <Purp><Cd>SECU</Cd></Purp>
        <RgltryRptg>
          <DbtCdtRptgInd>BOTH</DbtCdtRptgInd>
          <Authrty><Nm>Financial Conduct Authority</Nm><Ctry>GB</Ctry></Authrty>
          <Dtls><RptgCd>XBOR</RptgCd><Amt Ccy="GBP">99000.00</Amt><Inf>Securities settlement cross-border</Inf></Dtls>
        </RgltryRptg>
        <RmtInf>
          <Ustrd>Securities settlement PAM-PBS-2026-1120</Ustrd>
          <Strd>
            <CdtrRefInf>
              <Tp><CdOrPrtry><Cd>SCOR</Cd></CdOrPrtry><Issr>PBS</Issr></Tp>
              <Ref>PBS-REF-2026-0001</Ref>
            </CdtrRefInf>
            <AddtlRmtInf>CHAPS same-day settlement</AddtlRmtInf>
          </Strd>
        </RmtInf>
      </CdtTrfTxInf>
    </PmtInf>
  </CstmrCdtTrfInitn>
</Document>