<?xml version="1.0" encoding="UTF-8"?><Document xmlns="urn:iso:std:iso:20022:tech:xsd:pain.001.001.13"><CstmrCdtTrfInitn><GrpHdr><MsgId>MSG003-20250317</MsgId><CreDtTm>2025-03-17T14:15:00</CreDtTm><NbOfTxs>2</NbOfTxs><CtrlSum>3750.50</CtrlSum><InitgPty><Nm>Nordic Payments AS</Nm></InitgPty></GrpHdr><PmtInf><PmtInfId>PMTINF003</PmtInfId><PmtMtd>TRF</PmtMtd><NbOfTxs>2</NbOfTxs><CtrlSum>3750.50</CtrlSum><ReqdExctnDt><Dt>2025-03-19</Dt></ReqdExctnDt><Dbtr><Nm>Nordic Payments AS</Nm></Dbtr><DbtrAcct><Id><IBAN>NO9386011117947</IBAN></Id></DbtrAcct><DbtrAgt><FinInstnId><BICFI>DNBANOKK</BICFI></FinInstnId></DbtrAgt><CdtTrfTxInf><PmtId><EndToEndId>E2E-003A-20250317</EndToEndId></PmtId><Amt><InstdAmt Ccy="NOK">2500.00</InstdAmt></Amt><CdtrAgt><FinInstnId><BICFI>HANDSESS</BICFI></FinInstnId></CdtrAgt><Cdtr><Nm>Stockholm Goods AB</Nm></Cdtr><CdtrAcct><Id><IBAN>SE3550000000054910000003</IBAN></Id></CdtrAcct></CdtTrfTxInf><CdtTrfTxInf><PmtId><EndToEndId>E2E-003B-20250317</EndToEndId></PmtId><Amt><InstdAmt Ccy="NOK">1250.50</InstdAmt></Amt><CdtrAgt><FinInstnId><BICFI>ESSESESS</BICFI></FinInstnId></CdtrAgt><Cdtr><Nm>Goteborg Services AB</Nm></Cdtr><CdtrAcct><Id><IBAN>SE4550000000058398257466</IBAN></Id></CdtrAcct></CdtTrfTxInf></PmtInf></CstmrCdtTrfInitn></Document>