<?xml version="1.0" encoding="UTF-8"?><Document xmlns="urn:iso:std:iso:20022:tech:xsd:pain.001.001.13"><CstmrCdtTrfInitn><GrpHdr><MsgId>MSG002-20250316</MsgId><CreDtTm>2025-03-16T09:00:00</CreDtTm><NbOfTxs>1</NbOfTxs><CtrlSum>5000.00</CtrlSum><InitgPty><Nm>Global Trade Inc</Nm></InitgPty></GrpHdr><PmtInf><PmtInfId>PMTINF002</PmtInfId><PmtMtd>TRF</PmtMtd><NbOfTxs>1</NbOfTxs><CtrlSum>5000.00</CtrlSum><ReqdExctnDt><Dt>2025-03-18</Dt></ReqdExctnDt><Dbtr><Nm>Global Trade Inc</Nm></Dbtr><DbtrAcct><Id><IBAN>FR7630006000011234567890189</IBAN></Id></DbtrAcct><DbtrAgt><FinInstnId><BICFI>BNPAFRPP</BICFI></FinInstnId></DbtrAgt><CdtTrfTxInf><PmtId><InstrId>INSTR002</InstrId><EndToEndId>E2E-002-20250316</EndToEndId></PmtId><Amt><InstdAmt Ccy="USD">5000.00</InstdAmt></Amt><ChrgBr>SHAR</ChrgBr><CdtrAgt><FinInstnId><BICFI>CHASUS33</BICFI></FinInstnId></CdtrAgt><Cdtr><Nm>New York Exports LLC</Nm></Cdtr><CdtrAcct><Id><IBAN>US00CHAS0000012345678901</IBAN></Id></CdtrAcct></CdtTrfTxInf></PmtInf></CstmrCdtTrfInitn></Document>