<?xml version="1.0" encoding="UTF-8"?>
<Document xmlns="urn:iso:std:iso:20022:tech:xsd:pain.001.001.13">
  <CstmrCdtTrfInitn>
    <GrpHdr>
      <MsgId>MAXREPEAT-TEST-001</MsgId>
      <CreDtTm>2025-11-30T23:59:59</CreDtTm>
      <Authstn>
        <Cd>AUTH</Cd>
      </Authstn>
      <Authstn>
        <Cd>FSUM</Cd>
      </Authstn>
      <NbOfTxs>3</NbOfTxs>
      <CtrlSum>3000.00</CtrlSum>
      <InitgPty>
        <Nm>Maximum Repetition Test Corp</Nm>
        <CtctDtls>
          <Othr>
            <ChanlTp>PHON</ChanlTp>
            <Id>+1-2125550001</Id>
          </Othr>
          <Othr>
            <ChanlTp>MAIL</ChanlTp>
            <Id>test@example.com</Id>
          </Othr>
          <Othr>
            <ChanlTp>FAXX</ChanlTp>
            <Id>+1-2125550002</Id>
          </Othr>
        </CtctDtls>
      </InitgPty>
    </GrpHdr>
    <PmtInf>
      <PmtInfId>PMTINF-MAXREP-001</PmtInfId>
      <PmtMtd>TRF</PmtMtd>
      <PmtTpInf>
        <SvcLvl>
          <Cd>SEPA</Cd>
        </SvcLvl>
        <SvcLvl>
          <Prtry>URGENT</Prtry>
        </SvcLvl>
        <SvcLvl>
          <Cd>NURG</Cd>
        </SvcLvl>
      </PmtTpInf>
      <ReqdExctnDt>
        <Dt>2025-12-01</Dt>
      </ReqdExctnDt>
      <Dbtr>
        <Nm>Repetition Test Debtor</Nm>
        <PstlAdr>
          <Ctry>US</Ctry>
          <AdrLine>Line 1</AdrLine>
          <AdrLine>Line 2</AdrLine>
          <AdrLine>Line 3</AdrLine>
          <AdrLine>Line 4</AdrLine>
          <AdrLine>Line 5</AdrLine>
          <AdrLine>Line 6</AdrLine>
          <AdrLine>Line 7</AdrLine>
        </PstlAdr>
        <Id>
          <OrgId>
            <Othr>
              <Id>ORG001</Id>
            </Othr>
            <Othr>
              <Id>ORG002</Id>
              <SchmeNm>
                <Cd>CUST</Cd>
              </SchmeNm>
            </Othr>
            <Othr>
              <Id>ORG003</Id>
              <SchmeNm>
                <Prtry>Internal</Prtry>
              </SchmeNm>
              <Issr>LocalIssuer</Issr>
            </Othr>
          </OrgId>
        </Id>
      </Dbtr>
      <DbtrAcct>
        <Id>
          <IBAN>US12CHAS0002100345678901</IBAN>
        </Id>
      </DbtrAcct>
      <DbtrAgt>
        <FinInstnId>
          <BICFI>CHASUS33</BICFI>
        </FinInstnId>
      </DbtrAgt>
      <CdtTrfTxInf>
        <PmtId>
          <InstrId>INSTR-REP-001</InstrId>
          <EndToEndId>E2E-REP-001</EndToEndId>
        </PmtId>
        <Amt>
          <InstdAmt Ccy="USD">1000.00</InstdAmt>
        </Amt>
        <InstrForCdtrAgt>
          <Cd>PHOB</Cd>
          <InstrInf>First instruction for creditor agent</InstrInf>
        </InstrForCdtrAgt>
        <InstrForCdtrAgt>
          <Cd>TELB</Cd>
          <InstrInf>Second instruction for creditor agent</InstrInf>
        </InstrForCdtrAgt>
        <InstrForCdtrAgt>
          <InstrInf>Third instruction without code</InstrInf>
        </InstrForCdtrAgt>
        <RgltryRptg>
          <DbtCdtRptgInd>DEBT</DbtCdtRptgInd>
          <Dtls>
            <Ctry>US</Ctry>
            <RptgCd>REG01</RptgCd>
            <Amt Ccy="USD">500.00</Amt>
            <Inf>Info1</Inf>
            <Inf>Info2</Inf>
            <Inf>Info3</Inf>
          </Dtls>
        </RgltryRptg>
        <RgltryRptg>
          <DbtCdtRptgInd>CRED</DbtCdtRptgInd>
          <Dtls>
            <Ctry>GB</Ctry>
            <Inf>GB Regulatory Info</Inf>
          </Dtls>
        </RgltryRptg>
        <RgltryRptg>
          <DbtCdtRptgInd>BOTH</DbtCdtRptgInd>
        </RgltryRptg>
        <RgltryRptg>
          <DbtCdtRptgInd>DEBT</DbtCdtRptgInd>
        </RgltryRptg>
        <RgltryRptg>
          <DbtCdtRptgInd>CRED</DbtCdtRptgInd>
        </RgltryRptg>
        <RgltryRptg>
          <DbtCdtRptgInd>BOTH</DbtCdtRptgInd>
        </RgltryRptg>
        <RgltryRptg>
          <DbtCdtRptgInd>DEBT</DbtCdtRptgInd>
        </RgltryRptg>
        <RgltryRptg>
          <DbtCdtRptgInd>CRED</DbtCdtRptgInd>
        </RgltryRptg>
        <RgltryRptg>
          <DbtCdtRptgInd>BOTH</DbtCdtRptgInd>
        </RgltryRptg>
        <RgltryRptg>
          <DbtCdtRptgInd>DEBT</DbtCdtRptgInd>
        </RgltryRptg>
        <Cdtr>
          <Nm>Creditor Alpha</Nm>
          <PstlAdr>
            <Ctry>GB</Ctry>
          </PstlAdr>
        </Cdtr>
        <CdtrAcct>
          <Id>
            <IBAN>GB29NWBK60161331926819</IBAN>
          </Id>
        </CdtrAcct>
        <RltdRmtInf>
          <RmtId>RMTID001</RmtId>
          <RmtLctnDtls>
            <Mtd>EMAL</Mtd>
            <ElctrncAdr>remit1@example.com</ElctrncAdr>
          </RmtLctnDtls>
        </RltdRmtInf>
        <RltdRmtInf>
          <RmtId>RMTID002</RmtId>
          <RmtLctnDtls>
            <Mtd>FAXI</Mtd>
            <ElctrncAdr>+1-2125550099</ElctrncAdr>
          </RmtLctnDtls>
        </RltdRmtInf>
        <RltdRmtInf>
          <RmtId>RMTID003</RmtId>
        </RltdRmtInf>
        <RltdRmtInf>
          <RmtId>RMTID004</RmtId>
        </RltdRmtInf>
        <RltdRmtInf>
          <RmtId>RMTID005</RmtId>
        </RltdRmtInf>
        <RltdRmtInf>
          <RmtId>RMTID006</RmtId>
        </RltdRmtInf>
        <RltdRmtInf>
          <RmtId>RMTID007</RmtId>
        </RltdRmtInf>
        <RltdRmtInf>
          <RmtId>RMTID008</RmtId>
        </RltdRmtInf>
        <RltdRmtInf>
          <RmtId>RMTID009</RmtId>
        </RltdRmtInf>
        <RltdRmtInf>
          <RmtId>RMTID010</RmtId>
        </RltdRmtInf>
        <RmtInf>
          <Ustrd>Unstructured line 1</Ustrd>
          <Ustrd>Unstructured line 2</Ustrd>
          <Ustrd>Unstructured line 3</Ustrd>
          <Strd>
            <RfrdDocInf>
              <Nb>INV-001</Nb>
            </RfrdDocInf>
            <RfrdDocInf>
              <Nb>INV-002</Nb>
            </RfrdDocInf>
            <AddtlRmtInf>Additional remittance info 1</AddtlRmtInf>
            <AddtlRmtInf>Additional remittance info 2</AddtlRmtInf>
            <AddtlRmtInf>Additional remittance info 3</AddtlRmtInf>
          </Strd>
        </RmtInf>
        <SplmtryData>
          <Envlp>
            <d>1</d>
          </Envlp>
        </SplmtryData>
        <SplmtryData>
          <Envlp>
            <d>2</d>
          </Envlp>
        </SplmtryData>
        <SplmtryData>
          <Envlp>
            <d>3</d>
          </Envlp>
        </SplmtryData>
      </CdtTrfTxInf>
      <CdtTrfTxInf>
        <PmtId>
          <EndToEndId>E2E-REP-002</EndToEndId>
        </PmtId>
        <Amt>
          <InstdAmt Ccy="USD">1000.00</InstdAmt>
        </Amt>
        <Cdtr>
          <Nm>Creditor Beta</Nm>
          <PstlAdr>
            <Ctry>FR</Ctry>
          </PstlAdr>
        </Cdtr>
        <CdtrAcct>
          <Id>
            <IBAN>FR7630006000011234567890189</IBAN>
          </Id>
        </CdtrAcct>
      </CdtTrfTxInf>
      <CdtTrfTxInf>
        <PmtId>
          <EndToEndId>E2E-REP-003</EndToEndId>
        </PmtId>
        <Amt>
          <InstdAmt Ccy="USD">1000.00</InstdAmt>
        </Amt>
        <Cdtr>
          <Nm>Creditor Gamma</Nm>
          <PstlAdr>
            <Ctry>NL</Ctry>
          </PstlAdr>
        </Cdtr>
        <CdtrAcct>
          <Id>
            <IBAN>NL91ABNA0417164300</IBAN>
          </Id>
        </CdtrAcct>
      </CdtTrfTxInf>
    </PmtInf>
  </CstmrCdtTrfInitn>
</Document>