<?xml version="1.0" encoding="UTF-8"?>
<Document xmlns="urn:iso:std:iso:20022:tech:xsd:pain.001.001.13">
  <CstmrCdtTrfInitn>
    <GrpHdr>
      <MsgId>MAXDECIMALTEST001</MsgId>
      <CreDtTm>2025-03-01T00:00:00</CreDtTm>
      <NbOfTxs>1</NbOfTxs>
      <CtrlSum>99999999999999.12345</CtrlSum>
      <InitgPty>
        <Nm>Max Decimal Test Corp</Nm>
      </InitgPty>
    </GrpHdr>
    <PmtInf>
      <PmtInfId>PMTINF-MAXDEC-001</PmtInfId>
      <PmtMtd>TRF</PmtMtd>
      <CtrlSum>99999999999999.12345</CtrlSum>
      <ReqdExctnDt>
        <Dt>2025-03-02</Dt>
      </ReqdExctnDt>
      <Dbtr>
        <Nm>Sender Corporation</Nm>
      </Dbtr>
      <DbtrAcct>
        <Id>
          <IBAN>FR7630006000011234567890189</IBAN>
        </Id>
      </DbtrAcct>
      <DbtrAgt>
        <FinInstnId>
          <BICFI>BNPAFRPP</BICFI>
        </FinInstnId>
      </DbtrAgt>
      <CdtTrfTxInf>
        <PmtId>
          <EndToEndId>E2E-MAXDECIMAL-001</EndToEndId>
        </PmtId>
        <Amt>
          <InstdAmt Ccy="USD">99999999999999.12345</InstdAmt>
        </Amt>
        <XchgRateInf>
          <UnitCcy>EUR</UnitCcy>
          <XchgRate>1.23456789</XchgRate>
          <RateTp>SPOT</RateTp>
          <CtrctId>CTRCT-001</CtrctId>
        </XchgRateInf>
        <Cdtr>
          <Nm>Recipient Inc</Nm>
        </Cdtr>
        <CdtrAcct>
          <Id>
            <IBAN>US12345678901234567890</IBAN>
          </Id>
        </CdtrAcct>
        <Tax>
          <TtlTaxblBaseAmt Ccy="USD">50000.12345</TtlTaxblBaseAmt>
          <TtlTaxAmt Ccy="USD">5000.12345</TtlTaxAmt>
        </Tax>
      </CdtTrfTxInf>
    </PmtInf>
  </CstmrCdtTrfInitn>
</Document>