<?xml version="1.0" encoding="UTF-8"?>
<Document xmlns="urn:iso:std:iso:20022:tech:xsd:pain.001.001.13">
  <CstmrCdtTrfInitn>
    <GrpHdr>
      <MsgId>AMOUNT-DECIMAL-TEST-001</MsgId>
      <CreDtTm>2025-06-30T23:59:59</CreDtTm>
      <NbOfTxs>3</NbOfTxs>
      <CtrlSum>999999999999.99999</CtrlSum>
      <InitgPty>
        <Nm>Decimal Places Test Corp</Nm>
      </InitgPty>
    </GrpHdr>
    <PmtInf>
      <PmtInfId>PMTINF-DECIMAL-PLACES-TEST</PmtInfId>
      <PmtMtd>TRF</PmtMtd>
      <NbOfTxs>3</NbOfTxs>
      <CtrlSum>999999999999.99999</CtrlSum>
      <ReqdExctnDt>
        <Dt>2025-06-30</Dt>
      </ReqdExctnDt>
      <Dbtr>
        <Nm>Decimal Test Debtor</Nm>
      </Dbtr>
      <DbtrAcct>
        <Id>
          <IBAN>FR7630006000011234567890189</IBAN>
        </Id>
      </DbtrAcct>
      <DbtrAgt>
        <FinInstnId>
          <BICFI>BNPAFRPP</BICFI>
        </FinInstnId>
      </DbtrAgt>
      <CdtTrfTxInf>
        <PmtId>
          <EndToEndId>E2E-DECIMAL-5DP-TEST-001</EndToEndId>
        </PmtId>
        <Amt>
          <InstdAmt Ccy="EUR">99999.99999</InstdAmt>
        </Amt>
        <Cdtr>
          <Nm>Creditor Alpha</Nm>
        </Cdtr>
        <CdtrAcct>
          <Id>
            <IBAN>DE89370400440532013000</IBAN>
          </Id>
        </CdtrAcct>
      </CdtTrfTxInf>
      <CdtTrfTxInf>
        <PmtId>
          <EndToEndId>E2E-DECIMAL-5DP-TEST-002</EndToEndId>
        </PmtId>
        <Amt>
          <InstdAmt Ccy="USD">1.00001</InstdAmt>
        </Amt>
        <Cdtr>
          <Nm>Creditor Beta</Nm>
        </Cdtr>
        <CdtrAcct>
          <Id>
            <IBAN>GB29NWBK60161331926819</IBAN>
          </Id>
        </CdtrAcct>
      </CdtTrfTxInf>
      <CdtTrfTxInf>
        <PmtId>
          <EndToEndId>E2E-DECIMAL-5DP-TEST-003</EndToEndId>
        </PmtId>
        <Amt>
          <EqvtAmt>
            <Amt Ccy="JPY">9999999999999.99999</Amt>
            <CcyOfTrf>EUR</CcyOfTrf>
          </EqvtAmt>
        </Amt>
        <XchgRateInf>
          <UnitCcy>EUR</UnitCcy>
          <XchgRate>0.0066666666</XchgRate>
          <RateTp>SPOT</RateTp>
          <CtrctId>FX-CONTRACT-2025-001</CtrctId>
        </XchgRateInf>
        <Cdtr>
          <Nm>Creditor Gamma</Nm>
        </Cdtr>
        <CdtrAcct>
          <Id>
            <IBAN>JP00MUFG1234567890123</IBAN>
          </Id>
        </CdtrAcct>
      </CdtTrfTxInf>
    </PmtInf>
  </CstmrCdtTrfInitn>
</Document>