<?xml version="1.0" encoding="UTF-8"?>
<Document xmlns="urn:iso:std:iso:20022:tech:xsd:pain.001.001.13">
  <CstmrCdtTrfInitn>
    <GrpHdr>
      <MsgId>MAX-REPETITIONS-TEST-001</MsgId>
      <CreDtTm>2025-12-31T23:59:59</CreDtTm>
      <Authstn>
        <Cd>AUTH</Cd>
      </Authstn>
      <Authstn>
        <Prtry>CUSTOM-AUTHORISATION-LEVEL-2</Prtry>
      </Authstn>
      <NbOfTxs>10</NbOfTxs>
      <CtrlSum>100000.00</CtrlSum>
      <InitgPty>
        <Nm>Max Repetitions Test Corp</Nm>
      </InitgPty>
    </GrpHdr>
    <PmtInf>
      <PmtInfId>PMTINF-MAX-REPT-001</PmtInfId>
      <PmtMtd>TRF</PmtMtd>
      <NbOfTxs>10</NbOfTxs>
      <CtrlSum>100000.00</CtrlSum>
      <PmtTpInf>
        <InstrPrty>NORM</InstrPrty>
        <SvcLvl>
          <Cd>SEPA</Cd>
        </SvcLvl>
        <SvcLvl>
          <Prtry>URGENT</Prtry>
        </SvcLvl>
        <SvcLvl>
          <Prtry>PRIORITY</Prtry>
        </SvcLvl>
      </PmtTpInf>
      <ReqdExctnDt>
        <Dt>2025-12-31</Dt>
      </ReqdExctnDt>
      <Dbtr>
        <Nm>Max Repetitions Debtor</Nm>
      </Dbtr>
      <DbtrAcct>
        <Id>
          <IBAN>DE89370400440532013000</IBAN>
        </Id>
      </DbtrAcct>
      <DbtrAgt>
        <FinInstnId>
          <BICFI>DEUTDEDB</BICFI>
        </FinInstnId>
      </DbtrAgt>
      <CdtTrfTxInf>
        <PmtId>
          <EndToEndId>E2E-MAX-REPT-TX-001</EndToEndId>
          <UETR>a1b2c3d4-e5f6-4a7b-8c9d-e0f1a2b3c4d5</UETR>
        </PmtId>
        <Amt>
          <InstdAmt Ccy="EUR">10000.00</InstdAmt>
        </Amt>
        <InstrForCdtrAgt>
          <Cd>CHQB</Cd>
          <InstrInf>Instruction for creditor agent 1</InstrInf>
        </InstrForCdtrAgt>
        <InstrForCdtrAgt>
          <Cd>HOLD</Cd>
          <InstrInf>Instruction for creditor agent 2</InstrInf>
        </InstrForCdtrAgt>
        <InstrForCdtrAgt>
          <InstrInf>Instruction for creditor agent 3 no code</InstrInf>
        </InstrForCdtrAgt>
        <RgltryRptg>
          <DbtCdtRptgInd>BOTH</DbtCdtRptgInd>
          <Authrty>
            <Nm>Regulatory Authority 1</Nm>
            <Ctry>DE</Ctry>
          </Authrty>
          <Dtls>
            <Tp>
              <Cd>STTL</Cd>
            </Tp>
            <Dt>2025-12-31</Dt>
            <Ctry>DE</Ctry>
            <RptgCd>AWV1234</RptgCd>
            <Amt Ccy="EUR">10000.00</Amt>
            <Inf>Regulatory info detail 1</Inf>
            <Inf>Regulatory info detail 2</Inf>
          </Dtls>
        </RgltryRptg>
        <RgltryRptg>
          <DbtCdtRptgInd>CRED</DbtCdtRptgInd>
          <Authrty>
            <Nm>Regulatory Authority 2</Nm>
            <Ctry>GB</Ctry>
          </Authrty>
        </RgltryRptg>
        <RgltryRptg>
          <DbtCdtRptgInd>DEBT</DbtCdtRptgInd>
        </RgltryRptg>
        <RgltryRptg>
          <DbtCdtRptgInd>BOTH</DbtCdtRptgInd>
        </RgltryRptg>
        <RgltryRptg>
          <DbtCdtRptgInd>CRED</DbtCdtRptgInd>
        </RgltryRptg>
        <RgltryRptg>
          <DbtCdtRptgInd>DEBT</DbtCdtRptgInd>
        </RgltryRptg>
        <RgltryRptg>
          <DbtCdtRptgInd>BOTH</DbtCdtRptgInd>
        </RgltryRptg>
        <RgltryRptg>
          <DbtCdtRptgInd>CRED</DbtCdtRptgInd>
        </RgltryRptg>
        <RgltryRptg>
          <DbtCdtRptgInd>DEBT</DbtCdtRptgInd>
        </RgltryRptg>
        <RgltryRptg>
          <DbtCdtRptgInd>BOTH</DbtCdtRptgInd>
        </RgltryRptg>
        <RltdRmtInf>
          <RmtId>RMTID-001</RmtId>
          <RmtLctnDtls>
            <Mtd>EMAL</Mtd>
            <ElctrncAdr>remittance1@example.com</ElctrncAdr>
          </RmtLctnDtls>
        </RltdRmtInf>
        <RltdRmtInf>
          <RmtId>RMTID-002</RmtId>
          <RmtLctnDtls>
            <Mtd>FAXI</Mtd>
            <ElctrncAdr>+1-2125550001</ElctrncAdr>
          </RmtLctnDtls>
        </RltdRmtInf>
        <RltdRmtInf>
          <RmtId>RMTID-003</RmtId>
          <RmtLctnDtls>
            <Mtd>URID</Mtd>
            <ElctrncAdr>https://remittance.example.com/ref/003</ElctrncAdr>
          </RmtLctnDtls>
        </RltdRmtInf>
        <RltdRmtInf>
          <RmtId>RMTID-004</RmtId>
          <RmtLctnDtls>
            <Mtd>POST</Mtd>
            <PstlAdr>
              <Nm>Remittance Contact 4</Nm>
              <Adr>
                <StrtNm>Remittance Street</StrtNm>
                <PstCd>10001</PstCd>
                <TwnNm>New York</TwnNm>
                <Ctry>US</Ctry>
              </Adr>
            </PstlAdr>
          </RmtLctnDtls>
        </RltdRmtInf>
        <RltdRmtInf>
          <RmtId>RMTID-005</RmtId>
          <RmtLctnDtls>
            <Mtd>SMSM</Mtd>
            <ElctrncAdr>+1-9175550001</ElctrncAdr>
          </RmtLctnDtls>
        </RltdRmtInf>
        <RltdRmtInf>
          <RmtId>RMTID-006</RmtId>
          <RmtLctnDtls>
            <Mtd>EDIC</Mtd>
            <ElctrncAdr>EDI-PARTNER-ID-006</ElctrncAdr>
          </RmtLctnDtls>
        </RltdRmtInf>
        <RltdRmtInf>
          <RmtId>RMTID-007</RmtId>
          <RmtLctnDtls>
            <Mtd>EMAL</Mtd>
            <ElctrncAdr>remittance7@example.com</ElctrncAdr>
          </RmtLctnDtls>
        </RltdRmtInf>
        <RltdRmtInf>
          <RmtId>RMTID-008</RmtId>
          <RmtLctnDtls>
            <Mtd>URID</Mtd>
            <ElctrncAdr>https://remittance.example.com/ref/008</ElctrncAdr>
          </RmtLctnDtls>
        </RltdRmtInf>
        <RltdRmtInf>
          <RmtId>RMTID-009</RmtId>
          <RmtLctnDtls>
            <Mtd>EMAL</Mtd>
            <ElctrncAdr>remittance9@example.com</ElctrncAdr>
          </RmtLctnDtls>
        </RltdRmtInf>
        <RltdRmtInf>
          <RmtId>RMTID-010</RmtId>
          <RmtLctnDtls>
            <Mtd>EMAL</Mtd>
            <ElctrncAdr>remittance10@example.com</ElctrncAdr>
          </RmtLctnDtls>
        </RltdRmtInf>
        <RmtInf>
          <Ustrd>Remittance unstructured line 1 of max repetitions test</Ustrd>
          <Ustrd>Remittance unstructured line 2 additional information</Ustrd>
          <Ustrd>Remittance unstructured line 3 further details provided</Ustrd>
          <Strd>
            <RfrdDocInf>
              <Tp>
                <CdOrPrtry>
                  <Cd>CINV</Cd>
                </CdOrPrtry>
              </Tp>
              <Nb>INV-001</Nb>
            </RfrdDocInf>
            <RfrdDocInf>
              <Tp>
                <CdOrPrtry>
                  <Cd>CREN</Cd>
                </CdOrPrtry>
              </Tp>
              <Nb>CN-001</Nb>
            </RfrdDocInf>
            <AddtlRmtInf>Additional remittance info 1</AddtlRmtInf>
            <AddtlRmtInf>Additional remittance info 2</AddtlRmtInf>
            <AddtlRmtInf>Additional remittance info 3</AddtlRmtInf>
          </Strd>
        </RmtInf>
        <SplmtryData>
          <PlcAndNm>Supplementary Data Location 1</PlcAndNm>
          <Envlp>
            <CustomData xmlns="urn:example:custom">supplementary value 1</CustomData>
          </Envlp>
        </SplmtryData>
        <SplmtryData>
          <PlcAndNm>Supplementary Data Location 2</PlcAndNm>
          <Envlp>
            <CustomData xmlns="urn:example:custom">supplementary value 2</CustomData>
          </Envlp>
        </SplmtryData>
      </CdtTrfTxInf>
      <CdtTrfTxInf>
        <PmtId>
          <EndToEndId>E2E-MAX-REPT-TX-002</EndToEndId>
        </PmtId>
        <Amt>
          <InstdAmt Ccy="EUR">10000.00</InstdAmt>
        </Amt>
        <Cdtr>
          <Nm>Creditor Two</Nm>
        </Cdtr>
        <CdtrAcct>
          <Id>
            <IBAN>GB29NWBK60161331926819</IBAN>
          </Id>
        </CdtrAcct>
      </CdtTrfTxInf>
      <CdtTrfTxInf>
        <PmtId>
          <EndToEndId>E2E-MAX-REPT-TX-003</EndToEndId>
        </PmtId>
        <Amt>
          <InstdAmt Ccy="EUR">10000.00</InstdAmt>
        </Amt>
        <Cdtr>
          <Nm>Creditor Three</Nm>
        </Cdtr>
        <CdtrAcct>
          <Id>
            <IBAN>FR7630006000011234567890189</IBAN>
          </Id>
        </CdtrAcct>
      </CdtTrfTxInf>
      <CdtTrfTxInf>
        <PmtId>
          <EndToEndId>E2E-MAX-REPT-TX-004</EndToEndId>
        </PmtId>
        <Amt>
          <InstdAmt Ccy="EUR">10000.00</InstdAmt>
        </Amt>
        <Cdtr>
          <Nm>Creditor Four</Nm>
        </Cdtr>
        <CdtrAcct>
          <Id>
            <IBAN>DE89370400440532013000</IBAN>
          </Id>
        </CdtrAcct>
      </CdtTrfTxInf>
      <CdtTrfTxInf>
        <PmtId>
          <EndToEndId>E2E-MAX-REPT-TX-005</EndToEndId>
        </PmtId>
        <Amt>
          <InstdAmt Ccy="EUR">10000.00</InstdAmt>
        </Amt>
        <Cdtr>
          <Nm>Creditor Five</Nm>
        </Cdtr>
        <CdtrAcct>
          <Id>
            <IBAN>GB29NWBK60161331926819</IBAN>
          </Id>
        </CdtrAcct>
      </CdtTrfTxInf>
      <CdtTrfTxInf>
        <PmtId>
          <EndToEndId>E2E-MAX-REPT-TX-006</EndToEndId>
        </PmtId>
        <Amt>
          <InstdAmt Ccy="EUR">10000.00</InstdAmt>
        </Amt>
        <Cdtr>
          <Nm>Creditor Six</Nm>
        </Cdtr>
        <CdtrAcct>
          <Id>
            <IBAN>DE89370400440532013000</IBAN>
          </Id>
        </CdtrAcct>
      </CdtTrfTxInf>
      <CdtTrfTxInf>
        <PmtId>
          <EndToEndId>E2E-MAX-REPT-TX-007</EndToEndId>
        </PmtId>
        <Amt>
          <InstdAmt Ccy="EUR">10000.00</InstdAmt>
        </Amt>
        <Cdtr>
          <Nm>Creditor Seven</Nm>
        </Cdtr>
        <CdtrAcct>
          <Id>
            <IBAN>FR7630006000011234567890189</IBAN>
          </Id>
        </CdtrAcct>
      </CdtTrfTxInf>
      <CdtTrfTxInf>
        <PmtId>
          <EndToEndId>E2E-MAX-REPT-TX-008</EndToEndId>
        </PmtId>
        <Amt>
          <InstdAmt Ccy="EUR">10000.00</InstdAmt>
        </Amt>
        <Cdtr>
          <Nm>Creditor Eight</Nm>
        </Cdtr>
        <CdtrAcct>
          <Id>
            <IBAN>GB29NWBK60161331926819</IBAN>
          </Id>
        </CdtrAcct>
      </CdtTrfTxInf>
      <CdtTrfTxInf>
        <PmtId>
          <EndToEndId>E2E-MAX-REPT-TX-009</EndToEndId>
        </PmtId>
        <Amt>
          <InstdAmt Ccy="EUR">10000.00</InstdAmt>
        </Amt>
        <Cdtr>
          <Nm>Creditor Nine</Nm>
        </Cdtr>
        <CdtrAcct>
          <Id>
            <IBAN>DE89370400440532013000</IBAN>
          </Id>
        </CdtrAcct>
      </CdtTrfTxInf>
      <CdtTrfTxInf>
        <PmtId>
          <EndToEndId>E2E-MAX-REPT-TX-010</EndToEndId>
        </PmtId>
        <Amt>
          <InstdAmt Ccy="EUR">10000.00</InstdAmt>
        </Amt>
        <Cdtr>
          <Nm>Creditor Ten</Nm>
        </Cdtr>
        <CdtrAcct>
          <Id>
            <IBAN>GB29NWBK60161331926819</IBAN>
          </Id>
        </CdtrAcct>
      </CdtTrfTxInf>
    </PmtInf>
    <SplmtryData>
      <PlcAndNm>Document Level Supplementary Data</PlcAndNm>
      <Envlp>
        <DocCustom xmlns="urn:example:custom">document supplementary value</DocCustom>
      </Envlp>
    </SplmtryData>
  </CstmrCdtTrfInitn>
</Document>