<?xml version="1.0" encoding="UTF-8"?>
<Document xmlns="urn:iso:std:iso:20022:tech:xsd:pain.001.001.13">
  <CstmrCdtTrfInitn>
    <GrpHdr>
      <MsgId>UNICODE-INTL-CHARS-TEST-001</MsgId>
      <CreDtTm>2025-11-20T14:45:00</CreDtTm>
      <NbOfTxs>1</NbOfTxs>
      <CtrlSum>3750.50</CtrlSum>
      <InitgPty>
        <Nm>Müller &amp; Söhne GmbH Köln</Nm>
        <PstlAdr>
          <StrtNm>Königsallee</StrtNm>
          <BldgNb>28</BldgNb>
          <PstCd>40212</PstCd>
          <TwnNm>Düsseldorf</TwnNm>
          <Ctry>DE</Ctry>
        </PstlAdr>
      </InitgPty>
    </GrpHdr>
    <PmtInf>
      <PmtInfId>PMTINF-UNICODE-TEST-001</PmtInfId>
      <PmtMtd>TRF</PmtMtd>
      <NbOfTxs>1</NbOfTxs>
      <CtrlSum>3750.50</CtrlSum>
      <ReqdExctnDt>
        <Dt>2025-11-20</Dt>
      </ReqdExctnDt>
      <Dbtr>
        <Nm>Société Générale Débits François Ångström</Nm>
        <PstlAdr>
          <StrtNm>Rue de la Paix</StrtNm>
          <BldgNb>29</BldgNb>
          <PstCd>75001</PstCd>
          <TwnNm>Paris</TwnNm>
          <Ctry>FR</Ctry>
          <AdrLine>Ångström Bâtiment Île-de-France</AdrLine>
        </PstlAdr>
      </Dbtr>
      <DbtrAcct>
        <Id>
          <IBAN>FR7630006000011234567890189</IBAN>
        </Id>
      </DbtrAcct>
      <DbtrAgt>
        <FinInstnId>
          <BICFI>SOGEFRPP</BICFI>
        </FinInstnId>
      </DbtrAgt>
      <CdtTrfTxInf>
        <PmtId>
          <EndToEndId>E2E-UNICODE-TEST-001</EndToEndId>
        </PmtId>
        <Amt>
          <InstdAmt Ccy="EUR">3750.50</InstdAmt>
        </Amt>
        <Cdtr>
          <Nm>北京贸易有限公司 Björk Ñoño</Nm>
          <PstlAdr>
            <StrtNm>长安街 Calle Mayor España</StrtNm>
            <BldgNb>88</BldgNb>
            <PstCd>100000</PstCd>
            <TwnNm>北京 Beijing</TwnNm>
            <Ctry>CN</Ctry>
            <AdrLine>朝阳区建国门外大街1号</AdrLine>
            <AdrLine>Ötztaler Straße Zürich Österreich</AdrLine>
          </PstlAdr>
        </Cdtr>
        <CdtrAcct>
          <Id>
            <IBAN>DE89370400440532013000</IBAN>
          </Id>
        </CdtrAcct>
        <RmtInf>
          <Ustrd>Payment for 北京商品 Ångström Société référence numéro März</Ustrd>
          <Ustrd>Ödland Björk Søren Ñoño Zürich Üniversitesi référence</Ustrd>
        </RmtInf>
      </CdtTrfTxInf>
    </PmtInf>
  </CstmrCdtTrfInitn>
</Document>