<?xml version="1.0" encoding="UTF-8"?>
<Document xmlns="urn:iso:std:iso:20022:tech:xsd:pain.001.001.13">
  <CstmrCdtTrfInitn>
    <GrpHdr>
      <MsgId>MAX-POPULATION-MSG-001</MsgId>
      <CreDtTm>2025-09-01T08:00:00</CreDtTm>
      <Authstn>
        <Cd>AUTH</Cd>
      </Authstn>
      <Authstn>
        <Cd>FDET</Cd>
      </Authstn>
      <NbOfTxs>1</NbOfTxs>
      <CtrlSum>5000.00</CtrlSum>
      <InitgPty>
        <Nm>Full Population Initiating Party</Nm>
        <PstlAdr>
          <AdrTp>
            <Cd>BIZZ</Cd>
          </AdrTp>
          <Dept>Finance Department</Dept>
          <SubDept>Treasury Sub Department</SubDept>
          <StrtNm>Initiating Party Street</StrtNm>
          <BldgNb>42</BldgNb>
          <BldgNm>Corporate Tower</BldgNm>
          <Flr>10th Floor</Flr>
          <PstBx>PO BOX 100</PstBx>
          <Room>Room 1001</Room>
          <PstCd>10001</PstCd>
          <TwnNm>New York</TwnNm>
          <TwnLctnNm>Manhattan</TwnLctnNm>
          <DstrctNm>New York County</DstrctNm>
          <CtrySubDvsn>NY</CtrySubDvsn>
          <Ctry>US</Ctry>
          <AdrLine>Full Population Address Line 1</AdrLine>
        </PstlAdr>
        <Id>
          <OrgId>
            <AnyBIC>CORPUS33XXX</AnyBIC>
            <LEI>969500T3MBS4SQAMHJ45</LEI>
            <Othr>
              <Id>ORG-ID-12345678901234567890</Id>
              <SchmeNm>
                <Cd>TXID</Cd>
              </SchmeNm>
              <Issr>IRS</Issr>
            </Othr>
          </OrgId>
        </Id>
        <CtryOfRes>US</CtryOfRes>
        <CtctDtls>
          <NmPrfx>MIST</NmPrfx>
          <Nm>John Smith</Nm>
          <PhneNb>+1-2125551234</PhneNb>
          <MobNb>+1-9175559876</MobNb>
          <FaxNb>+1-2125554321</FaxNb>
          <EmailAdr>john.smith@fullpopulation.example.com</EmailAdr>
          <EmailPurp>WORK</EmailPurp>
          <JobTitl>Treasury Manager</JobTitl>
          <Rspnsblty>Payment Approver</Rspnsblty>
          <Dept>Finance</Dept>
          <Othr>
            <ChanlTp>EMAL</ChanlTp>
            <Id>backup@fullpopulation.example.com</Id>
          </Othr>
          <PrefrdMtd>ONLI</PrefrdMtd>
        </CtctDtls>
      </InitgPty>
      <FwdgAgt>
        <FinInstnId>
          <BICFI>CHASUS33XXX</BICFI>
          <LEI>8I5DZWZKVSZI1NUHU748</LEI>
          <Nm>JP Morgan Chase</Nm>
        </FinInstnId>
      </FwdgAgt>
      <InitnSrc>
        <Nm>Corporate ERP Payment System</Nm>
        <Prvdr>SAP</Prvdr>
        <Vrsn>4.0</Vrsn>
      </InitnSrc>
    </GrpHdr>
    <PmtInf>
      <PmtInfId>PMTINF-FULL-POPULATION-001</PmtInfId>
      <PmtMtd>TRF</PmtMtd>
      <ReqdAdvcTp>
        <CdtAdvc>
          <Cd>ADWD</Cd>
        </CdtAdvc>
        <DbtAdvc>
          <Cd>ADND</Cd>
        </DbtAdvc>
      </ReqdAdvcTp>
      <BtchBookg>false</BtchBookg>
      <NbOfTxs>1</NbOfTxs>
      <CtrlSum>5000.00</CtrlSum>
      <PmtTpInf>
        <InstrPrty>HIGH</InstrPrty>
        <SvcLvl>
          <Cd>SEPA</Cd>
        </SvcLvl>
        <LclInstrm>
          <Cd>INST</Cd>
        </LclInstrm>
        <CtgyPurp>
          <Cd>SUPP</Cd>
        </CtgyPurp>
      </PmtTpInf>
      <ReqdExctnDt>
        <Dt>2025-09-01</Dt>
      </ReqdExctnDt>
      <PoolgAdjstmntDt>2025-09-01</PoolgAdjstmntDt>
      <Dbtr>
        <Nm>Full Population Debtor Corp</Nm>
        <PstlAdr>
          <AdrTp>
            <Cd>BIZZ</Cd>
          </AdrTp>
          <StrtNm>Debtor Street</StrtNm>
          <BldgNb>1</BldgNb>
          <PstCd>10001</PstCd>
          <TwnNm>New York</TwnNm>
          <Ctry>US</Ctry>
        </PstlAdr>
        <Id>
          <OrgId>
            <AnyBIC>CORPUS33XXX</AnyBIC>
          </OrgId>
        </Id>
        <CtryOfRes>US</CtryOfRes>
      </Dbtr>
      <DbtrAcct>
        <Id>
          <IBAN>US00CHAS12345678901234</IBAN>
        </Id>
        <Tp>
          <Cd>CACC</Cd>
        </Tp>
        <Ccy>USD</Ccy>
        <Nm>Main Operating Account</Nm>
      </DbtrAcct>
      <DbtrAgt>
        <FinInstnId>
          <BICFI>CHASUS33XXX</BICFI>
          <Nm>JPMorgan Chase Bank</Nm>
          <PstlAdr>
            <StrtNm>Park Avenue</StrtNm>
            <BldgNb>383</BldgNb>
            <PstCd>10022</PstCd>
            <TwnNm>New York</TwnNm>
            <Ctry>US</Ctry>
          </PstlAdr>
        </FinInstnId>
      </DbtrAgt>
      <DbtrAgtAcct>
        <Id>
          <Othr>
            <Id>DBTR-AGT-ACCT-001</Id>
          </Othr>
        </Id>
      </DbtrAgtAcct>
      <InstrForDbtrAgt>Process with priority routing via correspondent</InstrForDbtrAgt>
      <UltmtDbtr>
        <Nm>Ultimate Debtor Name</Nm>
        <CtryOfRes>US</CtryOfRes>
      </UltmtDbtr>
      <ChrgBr>SHAR</ChrgBr>
      <ChrgsAcct>
        <Id>
          <IBAN>US00CHAS12345678901235</IBAN>
        </Id>
      </ChrgsAcct>
      <ChrgsAcctAgt>
        <FinInstnId>
          <BICFI>CHASUS33XXX</BICFI>
        </FinInstnId>
      </ChrgsAcctAgt>
      <CdtTrfTxInf>
        <PmtId>
          <InstrId>INSTRID-FULL-POP-001</InstrId>
          <EndToEndId>E2E-FULL-POPULATION-001</EndToEndId>
          <UETR>f47ac10b-58cc-4372-a567-0e02b2c3d479</UETR>
        </PmtId>
        <PmtTpInf>
          <InstrPrty>HIGH</InstrPrty>
          <SvcLvl>
            <Cd>SEPA</Cd>
          </SvcLvl>
          <LclInstrm>
            <Cd>INST</Cd>
          </LclInstrm>
          <CtgyPurp>
            <Cd>SUPP</Cd>
          </CtgyPurp>
        </PmtTpInf>
        <Amt>
          <InstdAmt Ccy="USD">5000.00</InstdAmt>
        </Amt>
        <XchgRateInf>
          <UnitCcy>USD</UnitCcy>
          <XchgRate>0.9250000000</XchgRate>
          <RateTp>AGRD</RateTp>
          <CtrctId>FX-2025-001</CtrctId>
        </XchgRateInf>
        <ChrgBr>SHAR</ChrgBr>
        <MndtRltdInf>
          <MndtId>MNDT-2025-001</MndtId>
          <DtOfSgntr>2025-01-01</DtOfSgntr>
          <Frqcy>
            <Tp>MNTH</Tp>
          </Frqcy>
        </MndtRltdInf>
        <UltmtDbtr>
          <Nm>Tx Level Ultimate Debtor</Nm>
        </UltmtDbtr>
        <IntrmyAgt1>
          <FinInstnId>
            <BICFI>DEUTDEDBXXX</BICFI>
            <Nm>Deutsche Bank</Nm>
          </FinInstnId>
        </IntrmyAgt1>
        <IntrmyAgt1Acct>
          <Id>
            <Othr>
              <Id>INTRMY-AGT1-ACCT</Id>
            </Othr>
          </Id>
        </IntrmyAgt1Acct>
        <IntrmyAgt2>
          <FinInstnId>
            <BICFI>BNPAFRPPXXX</BICFI>
            <Nm>BNP Paribas</Nm>
          </FinInstnId>
        </IntrmyAgt2>
        <IntrmyAgt2Acct>
          <Id>
            <Othr>
              <Id>INTRMY-AGT2-ACCT</Id>
            </Othr>
          </Id>
        </IntrmyAgt2Acct>
        <IntrmyAgt3>
          <FinInstnId>
            <BICFI>BARCGB22XXX</BICFI>
            <Nm>Barclays Bank</Nm>
          </FinInstnId>
        </IntrmyAgt3>
        <IntrmyAgt3Acct>
          <Id>
            <Othr>
              <Id>INTRMY-AGT3-ACCT</Id>
            </Othr>
          </Id>
        </IntrmyAgt3Acct>
        <CdtrAgt>
          <FinInstnId>
            <BICFI>NWBKGB2LXXX</BICFI>
            <Nm>NatWest Bank</Nm>
          </FinInstnId>
        </CdtrAgt>
        <CdtrAgtAcct>
          <Id>
            <Othr>
              <Id>CDTR-AGT-ACCT-001</Id>
            </Othr>
          </Id>
        </CdtrAgtAcct>
        <Cdtr>
          <Nm>Full Population Creditor Ltd</Nm>
          <PstlAdr>
            <StrtNm>Creditor Lane</StrtNm>
            <BldgNb>10</BldgNb>
            <PstCd>EC2V 8RF</PstCd>
            <TwnNm>London</TwnNm>
            <Ctry>GB</Ctry>
          </PstlAdr>
          <CtryOfRes>GB</CtryOfRes>
        </Cdtr>
        <CdtrAcct>
          <Id>
            <IBAN>GB29NWBK60161331926819</IBAN>
          </Id>
          <Tp>
            <Cd>CACC</Cd>
          </Tp>
          <Ccy>GBP</Ccy>
          <Nm>Creditor Main Account</Nm>
        </CdtrAcct>
        <UltmtCdtr>
          <Nm>Ultimate Creditor Name</Nm>
          <CtryOfRes>GB</CtryOfRes>
        </UltmtCdtr>
        <InstrForCdtrAgt>
          <Cd>CHQB</Cd>
          <InstrInf>Pay via CHAPS same day</InstrInf>
        </InstrForCdtrAgt>
        <InstrForDbtrAgt>
          <Cd>HOLD</Cd>
          <InstrInf>Hold for compliance review</InstrInf>
        </InstrForDbtrAgt>
        <Purp>
          <Cd>SUPP</Cd>
        </Purp>
        <RmtInf>
          <Ustrd>Full population remittance information line</Ustrd>
          <Strd>
            <RfrdDocInf>
              <Tp>
                <CdOrPrtry>
                  <Cd>CINV</Cd>
                </CdOrPrtry>
                <Issr>Issuer Corp</Issr>
              </Tp>
              <Nb>INV-2025-001</Nb>
              <RltdDt>
                <Tp>
                  <Cd>INDA</Cd>
                </Tp>
                <Dt>2025-08-01</Dt>
              </RltdDt>
            </RfrdDocInf>
            <RfrdDocAmt>
              <RmtAmtAndTp>
                <Tp>
                  <Cd>CINV</Cd>
                </Tp>
                <Amt Ccy="USD">5000.00</Amt>
              </RmtAmtAndTp>
            </RfrdDocAmt>
            <CdtrRefInf>
              <Tp>
                <CdOrPrtry>
                  <Cd>SCOR</Cd>
                </CdOrPrtry>
                <Issr>Creditor Ref Issuer</Issr>
              </Tp>
              <Ref>RF18539007547034</Ref>
            </CdtrRefInf>
            <AddtlRmtInf>Additional remittance info line 1</AddtlRmtInf>
          </Strd>
        </RmtInf>
      </CdtTrfTxInf>
    </PmtInf>
  </CstmrCdtTrfInitn>
</Document>