<?xml version="1.0" encoding="UTF-8"?><Document xmlns="urn:iso:std:iso:20022:tech:xsd:pain.001.001.13"><CstmrCdtTrfInitn><GrpHdr><MsgId>MSG034-20250417</MsgId><CreDtTm>2025-04-17T11:00:00</CreDtTm><NbOfTxs>3</NbOfTxs><CtrlSum>13600.00</CtrlSum><InitgPty><Nm>Frankfurt Payments GmbH</Nm></InitgPty></GrpHdr><PmtInf><PmtInfId>PMTINF034</PmtInfId><PmtMtd>TRF</PmtMtd><NbOfTxs>3</NbOfTxs><CtrlSum>13600.00</CtrlSum><PmtTpInf><SvcLvl><Cd>SEPA</Cd></SvcLvl></PmtTpInf><ReqdExctnDt><Dt>2025-04-21</Dt></ReqdExctnDt><Dbtr><Nm>Frankfurt Payments GmbH</Nm></Dbtr><DbtrAcct><Id><IBAN>DE27200400600000001234</IBAN></Id></DbtrAcct><DbtrAgt><FinInstnId><BICFI>COBADEFF</BICFI></FinInstnId></DbtrAgt><CdtTrfTxInf><PmtId><EndToEndId>E2E-034A</EndToEndId></PmtId><Amt><InstdAmt Ccy="EUR">5000.00</InstdAmt></Amt><CdtrAgt><FinInstnId><BICFI>SOGEFRPP</BICFI></FinInstnId></CdtrAgt><Cdtr><Nm>Paris Services SARL</Nm></Cdtr><CdtrAcct><Id><IBAN>FR7630004000031234567890143</IBAN></Id></CdtrAcct></CdtTrfTxInf><CdtTrfTxInf><PmtId><EndToEndId>E2E-034B</EndToEndId></PmtId><Amt><InstdAmt Ccy="EUR">3600.00</InstdAmt></Amt><CdtrAgt><FinInstnId><BICFI>BNPAFRPP</BICFI></FinInstnId></CdtrAgt><Cdtr><Nm>Lyon Distribution SAS</Nm></Cdtr><CdtrAcct><Id><IBAN>FR7614508590001234567890432</IBAN></Id></CdtrAcct></CdtTrfTxInf><CdtTrfTxInf><PmtId><EndToEndId>E2E-034C</EndToEndId></PmtId><Amt><InstdAmt Ccy="EUR">5000.00</InstdAmt></Amt><CdtrAgt><FinInstnId><BICFI>BPCEFRPP</BICFI></FinInstnId></CdtrAgt><Cdtr><Nm>Marseille Logistics SAS</Nm></Cdtr><CdtrAcct><Id><IBAN>FR1330003000508765432100074</IBAN></Id></CdtrAcct></CdtTrfTxInf></PmtInf></CstmrCdtTrfInitn></Document>