<?xml version="1.0" encoding="UTF-8"?>
<!-- Scenario: two PmtInf blocks from different debtor accounts in one message.
     PmtInf 1: supplier payments with ISO 11649 structured creditor reference (SCOR),
               UltmtCdtr at transaction level (payments made on behalf of a group entity).
     PmtInf 2: cross-border salary payment with UltmtDbtr at batch level (parent company
               is the economic initiator), plus regulatory reporting required by Bundesbank
               for transfers above EUR 12,500. -->
<Document xmlns="urn:iso:std:iso:20022:tech:xsd:pain.001.001.13">
  <CstmrCdtTrfInitn>
    <GrpHdr>
      <MsgId>TEST-MULTI-20260601-005</MsgId>
      <CreDtTm>2026-06-01T11:00:00</CreDtTm>
      <NbOfTxs>3</NbOfTxs>
      <CtrlSum>47300.00</CtrlSum>
      <InitgPty>
        <Nm>Acme Corp</Nm>
        <Id>
          <OrgId>
            <Othr>
              <Id>ACMECORP001</Id>
            </Othr>
          </OrgId>
        </Id>
      </InitgPty>
    </GrpHdr>

    <!-- PmtInf 1: EUR supplier payments with structured remittance -->
    <PmtInf>
      <PmtInfId>PMTINF-SUPP-001</PmtInfId>
      <PmtMtd>TRF</PmtMtd>
      <NbOfTxs>2</NbOfTxs>
      <CtrlSum>32300.00</CtrlSum>
      <PmtTpInf>
        <InstrPrty>NORM</InstrPrty>
        <SvcLvl>
          <Cd>SEPA</Cd>
        </SvcLvl>
      </PmtTpInf>
      <ReqdExctnDt>
        <Dt>2026-06-03</Dt>
      </ReqdExctnDt>
      <Dbtr>
        <Nm>Acme Corp</Nm>
      </Dbtr>
      <DbtrAcct>
        <Id>
          <IBAN>DE89370400440532013000</IBAN>
        </Id>
        <Ccy>EUR</Ccy>
      </DbtrAcct>
      <DbtrAgt>
        <FinInstnId>
          <BICFI>DEUTDEDB</BICFI>
        </FinInstnId>
      </DbtrAgt>
      <ChrgBr>SLEV</ChrgBr>

      <CdtTrfTxInf>
        <PmtId>
          <InstrId>SUPP-TX-001</InstrId>
          <EndToEndId>E2E-SUPP-NL-2026-031</EndToEndId>
          <UETR>c73bcdcc-2669-4bf6-81d3-e4ae73fb11fd</UETR>
        </PmtId>
        <Amt>
          <InstdAmt Ccy="EUR">18500.00</InstdAmt>
        </Amt>
        <CdtrAgt>
          <FinInstnId>
            <BICFI>ABNANL2A</BICFI>
          </FinInstnId>
        </CdtrAgt>
        <Cdtr>
          <Nm>Noord Parts BV</Nm>
        </Cdtr>
        <CdtrAcct>
          <Id>
            <IBAN>NL91ABNA0417164300</IBAN>
          </Id>
        </CdtrAcct>
        <UltmtCdtr>
          <Nm>Acme Group NL BV</Nm>
          <Id>
            <OrgId>
              <Othr>
                <Id>NL-KVK-87654321</Id>
              </Othr>
            </OrgId>
          </Id>
        </UltmtCdtr>
        <Purp>
          <Cd>SUPP</Cd>
        </Purp>
        <RmtInf>
          <Strd>
            <CdtrRefInf>
              <Tp>
                <CdOrPrtry>
                  <Cd>SCOR</Cd>
                </CdOrPrtry>
              </Tp>
              <Ref>RF18539007547034</Ref>
            </CdtrRefInf>
            <AddtlRmtInf>Invoice NL-2026-031 components delivery</AddtlRmtInf>
          </Strd>
        </RmtInf>
      </CdtTrfTxInf>

      <CdtTrfTxInf>
        <PmtId>
          <InstrId>SUPP-TX-002</InstrId>
          <EndToEndId>E2E-SUPP-BE-2026-019</EndToEndId>
          <UETR>e58ed763-928d-4204-b0ba-e89dfb8ac5da</UETR>
        </PmtId>
        <Amt>
          <InstdAmt Ccy="EUR">13800.00</InstdAmt>
        </Amt>
        <CdtrAgt>
          <FinInstnId>
            <BICFI>GEBABEBB</BICFI>
          </FinInstnId>
        </CdtrAgt>
        <Cdtr>
          <Nm>Brussels Logistics SPRL</Nm>
        </Cdtr>
        <CdtrAcct>
          <Id>
            <IBAN>BE71096123456769</IBAN>
          </Id>
        </CdtrAcct>
        <UltmtCdtr>
          <Nm>Acme Group BE SPRL</Nm>
        </UltmtCdtr>
        <Purp>
          <Cd>SUPP</Cd>
        </Purp>
        <RmtInf>
          <Strd>
            <CdtrRefInf>
              <Tp>
                <CdOrPrtry>
                  <Cd>SCOR</Cd>
                </CdOrPrtry>
              </Tp>
              <Ref>RF71234500007512</Ref>
            </CdtrRefInf>
            <AddtlRmtInf>Invoice BE-2026-019 logistics Q2</AddtlRmtInf>
          </Strd>
        </RmtInf>
      </CdtTrfTxInf>
    </PmtInf>

    <!-- PmtInf 2: EUR salary from a second debtor account, with regulatory reporting -->
    <PmtInf>
      <PmtInfId>PMTINF-SALA-001</PmtInfId>
      <PmtMtd>TRF</PmtMtd>
      <NbOfTxs>1</NbOfTxs>
      <CtrlSum>15000.00</CtrlSum>
      <PmtTpInf>
        <InstrPrty>NORM</InstrPrty>
        <SvcLvl>
          <Cd>SEPA</Cd>
        </SvcLvl>
      </PmtTpInf>
      <ReqdExctnDt>
        <Dt>2026-06-28</Dt>
      </ReqdExctnDt>
      <Dbtr>
        <Nm>Acme Corp Payroll Account</Nm>
      </Dbtr>
      <DbtrAcct>
        <Id>
          <IBAN>DE75512108001245126199</IBAN>
        </Id>
        <Ccy>EUR</Ccy>
      </DbtrAcct>
      <DbtrAgt>
        <FinInstnId>
          <BICFI>DEUTDEDB</BICFI>
        </FinInstnId>
      </DbtrAgt>
      <UltmtDbtr>
        <Nm>Acme Group AG</Nm>
        <Id>
          <OrgId>
            <Othr>
              <Id>DE-HRB-123456</Id>
            </Othr>
          </OrgId>
        </Id>
      </UltmtDbtr>
      <ChrgBr>SLEV</ChrgBr>

      <CdtTrfTxInf>
        <PmtId>
          <InstrId>SALA-TX-001</InstrId>
          <EndToEndId>E2E-SALA-FR-2026-06-JM</EndToEndId>
          <UETR>a6c5f2d1-3e4b-4a12-8e5c-bb7f9a3d1e2f</UETR>
        </PmtId>
        <Amt>
          <InstdAmt Ccy="EUR">15000.00</InstdAmt>
        </Amt>
        <CdtrAgt>
          <FinInstnId>
            <BICFI>BNPAFRPPXXX</BICFI>
          </FinInstnId>
        </CdtrAgt>
        <Cdtr>
          <Nm>Jean Martin</Nm>
          <Id>
            <PrvtId>
              <Othr>
                <Id>FR-NIR-277056912345678</Id>
              </Othr>
            </PrvtId>
          </Id>
        </Cdtr>
        <CdtrAcct>
          <Id>
            <IBAN>FR7614508077000024665877033</IBAN>
          </Id>
        </CdtrAcct>
        <Purp>
          <Cd>SALA</Cd>
        </Purp>
        <RgltryRptg>
          <DbtCdtRptgInd>DEBT</DbtCdtRptgInd>
          <Authrty>
            <Nm>Deutsche Bundesbank</Nm>
            <Ctry>DE</Ctry>
          </Authrty>
          <Dtls>
            <Tp>
              <Cd>Z04</Cd>
            </Tp>
            <Ctry>FR</Ctry>
            <RptgCd>SALA</RptgCd>
            <Amt Ccy="EUR">15000.00</Amt>
            <Inf>Cross-border salary above EUR 12500</Inf>
          </Dtls>
        </RgltryRptg>
        <RmtInf>
          <Ustrd>Salary June 2026 Jean Martin</Ustrd>
        </RmtInf>
      </CdtTrfTxInf>
    </PmtInf>

  </CstmrCdtTrfInitn>
</Document>
